
@misc{TwitterGeo,
  author = {{Twitter Incorporated}},
  title = {{Twitter Documentation: Geocode API}},
  howpublished = "\url{https://developer.twitter.com/en/docs/geo/places-near-location/api-reference/get-geo-search}",
  year = {2020},
  note = "[Online; accessed 29-February-2020]"
}
@misc{Postman,
  author = {{Postman Incorporated}},
  title = {{Postman API}},
  year = {2020},
  howpublished= "\url{https://www.postman.com/}",
  note = "[Online; accessed 29-February-2020]"
}

@misc{Git,
  author = {Isaac Callison},
  title = {{Jupyter Notebook}},
  type ={Github},
  year = {2020},
  howpublished= "\url{https://github.com/cthulhu1988/SelTopicsAI/tree/master/NLPpaper}",
  note = "[Online; accessed 9-March-2020]"
}

@article{villars2011,
  title={Big data: What it is and why you should care},
  author={Villars, Richard L and Olofson, Carl W and Eastwood, Matthew},
  journal={White Paper, IDC},
  volume={14},
  pages={1--14},
  year={2011}
}
@article{tourist2018,
author = {Hu, Fei and Li, Zhenlong and Yang, Chaowei and Jiang, Yongyao},
year = {2018},
month = {05},
pages = {},
title = {A graph-based approach to detecting the tourist movement patterns using social media data},
journal = {Cartography and Geographic Information Science},
doi = {10.1080/15230406.2018.1496036}
}

@article{tourism2013,
author = {Hawelka, Bartosz and Sitko, Izabela and Beinat, Euro and Sobolevsky, Stanislav and Kazakopoulos, Pavlos and Ratti, Carlo},
year = {2013},
month = {11},
pages = {},
title = {Geo-Located Twitter as Proxy for Global Mobility Patterns},
volume = {41},
journal = {Cartography and Geographic Information Science},
doi = {10.1080/15230406.2014.890072}
}

@inproceedings{verma2011,
author = {Verma, Sudha and Vieweg, Sarah and Corvey, William and Palen, Leysia and Martin, James and Palmer, Martha and Schram, Aaron and Anderson, Kenneth},
year = {2011},
month = {01},
pages = {},
title = {Natural Language Processing to the Rescue? Extracting "Situational Awareness" Tweets During Mass Emergency.}
}

@misc{Google,
  author = {Google},
  title = {{Heatmap API}},
  type ={Google},
  year = {2020},
  howpublished= "\url{https://developers.google.com/maps/documentation/javascript/heatmaplayer}",
  note = "[Online; accessed 10-March-2020]"
}

@article{arab,
author = {Alhindi, Waheed and Talha, Muhammad and Sulong, Ghazali},
year = {2012},
month = {09},
pages = {1661-464},
title = {The Role of Modern Technology in Arab Spring},
volume = {65},
journal = {Archives des sciences 1661-464X}
}

@online{IBM,
  author = {{IBM Incorporated}},
  title = {{IBM's Watson: Cloud Computing}},
  year = {2020},
  howpublished = "\url{https://cloud.ibm.com/apidocs/tone-analyzer}",
  note = "[Online; accessed 10-March-2020]"
}
