
@misc{TwitterGeo,
  author = {{Twitter Incorporated}},
  title = {{Twitter Documentation: Geocode API}},
  howpublished = "\url{https://developer.twitter.com/en/docs/geo/places-near-location/api-reference/get-geo-search}",
  year = {2020},
  note = "[Online; accessed 29-February-2020]"
}
@misc{Postman,
  author = {{Postman Incorporated}},
  title = {{Postman API}},
  year = {2020},
  howpublished= "\url{https://www.postman.com/}",
  note = "[Online; accessed 29-February-2020]"
}

@misc{Git,
  author = {Isaac Callison},
  title = {{Jupyter Notebook}},
  type ={Github},
  year = {2020},
  howpublished= "\url{https://github.com/cthulhu1988/SelTopicsAI/tree/master/NLPpaper}",
  note = "[Online; accessed 9-March-2020]"
}

@misc{Google,
  author = {Google},
  title = {{Heatmap API}},
  type ={Google},
  year = {2020},
  howpublished= "\url{https://developers.google.com/maps/documentation/javascript/heatmaplayer}",
  note = "[Online; accessed 10-March-2020]"
}

@online{IBM,
  author = {{IBM Incorporated}},
  title = {{IBM's Watson: Cloud Computing}},
  year = {2020},
  howpublished = "\url{https://cloud.ibm.com/apidocs/tone-analyzer}",
  note = "[Online; accessed 10-March-2020]"
}

@online{Atmel,
  author = {{Atmel}},
  title = {{Datasheet}},
  year = {2020},
  howpublished = "\url{http://ww1.microchip.com/downloads/en/DeviceDoc/Atmel-7810-Automotive-Microcontrollers-ATmega328P_Datasheet.pdf}",
  note = "[Online; accessed 31-March-2020]"
}
