@article{arora2018digital,
  title={Digital-Information Tracking Framework Using Blockchain},
  author={Arora, Ankur and Arora, Monika},
  journal={Journal of Supply Chain Management Systems},
  volume={7},
  number={2},
  pages={1},
  year={2018},
  publisher={Publishing India Group}
}

@article{leng2019manuchain,
  title={ManuChain: Combining permissioned blockchain with a holistic optimization model as bi-level intelligence for smart manufacturing},
  author={Leng, Jiewu and Yan, Douxi and Liu, Qiang and Xu, Kailin and Zhao, J Leon and Shi, Rui and Wei, Lijun and Zhang, Ding and Chen, Xin},
  journal={IEEE Transactions on Systems, Man, and Cybernetics: Systems},
  volume={50},
  number={1},
  pages={182--192},
  year={2019},
  publisher={IEEE}
}

@misc{nakamoto2008bitcoin,
  title={Bitcoin: A peer-to-peer electronic cash system.(2008)},
  author={Nakamoto, Satoshi and others},
  year={2008}

}
@article{martins2019iot,
  title={IoT and Blockchain Paradigms for EV Charging System},
  author={Martins, Jose P and Ferreira, Joao C and Monteiro, Vitor and Afonso, Jose A and Afonso, Joao L},
  journal={Energies},
  volume={12},
  number={15},
  pages={2987},
  year={2019},
  publisher={Multidisciplinary Digital Publishing Institute}
}
@article{figorilli2018blockchain,
  title={A blockchain implementation prototype for the electronic open source traceability of wood along the whole supply chain},
  author={Figorilli, Simone and Antonucci, Francesca and Costa, Corrado and Pallottino, Federico and Raso, Luciano and Castiglione, Marco and Pinci, Edoardo and Del Vecchio, Davide and Colle, Giacomo and Proto, Andrea Rosario and others},
  journal={Sensors},
  volume={18},
  number={9},
  pages={3133},
  year={2018},
  publisher={Multidisciplinary Digital Publishing Institute}
}

% this is the university of chicago paper
@article{cong2019blockchain,
  title={Blockchain disruption and smart contracts},
  author={Cong, Lin William and He, Zhiguo},
  journal={The Review of Financial Studies},
  volume={32},
  number={5},
  pages={1754--1797},
  year={2019},
  publisher={Oxford University Press}
}

@article{lee2017blockchain,
  title={Blockchain-based secure firmware update for embedded devices in an Internet of Things environment},
  author={Lee, Boohyung and Lee, Jong-Hyouk},
  journal={The Journal of Supercomputing},
  volume={73},
  number={3},
  pages={1152--1167},
  year={2017},
  publisher={Springer}
}


@article{crosby2016blockchain,
  title={Blockchain technology: Beyond bitcoin},
  author={Crosby, Michael and Pattanayak, Pradan and Verma, Sanjeev and Kalyanaraman, Vignesh and others},
  journal={Applied Innovation},
  volume={2},
  number={6-10},
  pages={71},
  year={2016}
}

@article{zheng2019nutbaas,
  title={NutBaaS: A Blockchain-as-a-Service Platform},
  author={Zheng, Weilin and Zheng, Zibin and Chen, Xiangping and Dai, Kemian and Li, Peishan and Chen, Renfei},
  journal={IEEE Access},
  volume={7},
  pages={134422--134433},
  year={2019},
  publisher={IEEE}
}

@article{hasan2018blockchain,
  title={Blockchain-based proof of delivery of physical assets with single and multiple transporters},
  author={Hasan, Haya R and Salah, Khaled},
  journal={IEEE Access},
  volume={6},
  pages={46781--46793},
  year={2018},
  publisher={IEEE}
}

@article{xu2019exploration,
  title={Exploration of blockchain-enabled decentralized capability-based access control strategy for space situation awareness},
  author={Xu, Ronghua and Chen, Yu and Blasch, Erik and Chen, Genshe},
  journal={Optical Engineering},
  volume={58},
  number={4},
  pages={041609},
  year={2019},
  publisher={International Society for Optics and Photonics}
}

@book{elrom2019blockchain,
  author={Elrom, Elad},
  title={The Blockchain Developer: A Practical Guide for Designing, Implementing, Publishing, Testing, and Securing Distributed Blockchain-based Projects},
  year={2019},
  publisher={Apress}

}

@article{dinh2018untangling,
  title={Untangling blockchain: A data processing view of blockchain systems},
  author={Dinh, Tien Tuan Anh and Liu, Rui and Zhang, Meihui and Chen, Gang and Ooi, Beng Chin and Wang, Ji},
  journal={IEEE Transactions on Knowledge and Data Engineering},
  volume={30},
  number={7},
  pages={1366--1385},
  year={2018},
  publisher={IEEE}
}

@article{hang2019design,
  title={Design and implementation of an integrated IoT blockchain platform for sensing data integrity},
  author={Hang, Lei and Kim, Do-Hyeun},
  journal={Sensors},
  volume={19},
  number={10},
  pages={2228},
  year={2019},
  publisher={Multidisciplinary Digital Publishing Institute}
}

@article{zheng2018blockchain,
  title={Blockchain challenges and opportunities: A survey},
  author={Zheng, Zibin and Xie, Shaoan and Dai, Hong-Ning and Chen, Xiangping and Wang, Huaimin},
  journal={International Journal of Web and Grid Services},
  volume={14},
  number={4},
  pages={352--375},
  year={2018},
  publisher={Inderscience Publishers (IEL)}
}

@article{lin2017survey,
  title={A Survey of Blockchain Security Issues and Challenges.},
  author={Lin, Iuon-Chang and Liao, Tzu-Chun},
  journal={IJ Network Security},
  volume={19},
  number={5},
  pages={653--659},
  year={2017}
}
